@inproceedings{confbib1,
  author = {Sorokin, Dmitry and Ulanov, Alexander and Sazhina, Ekaterina and Lvovsky, Alexander},
  title = {Interferobot: aligning an optical interferometer by a reinforcement learning agent},
  booktitle = {Advances in Neural Information Processing Systems},
  year = {2020},
  language = {english},
  editor = {H. Larochelle and M. Ranzato and R. Hadsell and M. F. Balcan and H. Lin},
  pages = {13238--13248},
  publisher = {Curran Associates, Inc.},
  url = {https://proceedings.neurips.cc/paper/2020/file/99ba5c4097c6b8fef5ed774a1a6714b8-Paper.pdf},
  volume = {33},
  authorconf = {true},
  media = {},
  %authorvak = {true},
  %authorwos = {true},
  %authorscopus = {true},
  authorother = {true},
}

@inproceedings{confbib2,
  author={Stepan Makarenko and Dmitry Igorevich Sorokin and Alexander Ulanov and Alexander Lvovsky},
  title={Aligning an optical interferometer with beam divergence control and continuous action space},
  booktitle={5th Annual Conference on Robot Learning },
  year={2021},
  language = {english},
  url={https://openreview.net/forum?id=tjdXRqKaz5Y},
  authorconf = {true},
  media = {},
  authorother = {true},
}


@inproceedings{confbib3,
  title = 	 {TBD},
  author =       {TBD},
  booktitle = 	 {Proceedings of the NeurIPS 2021 Competition and Demonstration Track},
  pages = 	 {TBD},
  year = 	 {2021},
  editor = 	 {Escalante, Hugo Jair and Hofmann, Katja},
  volume = 	 {TBD},
  series = 	 {Proceedings of Machine Learning Research},
  month = 	 {TBD},
  publisher =    {PMLR},
  authorconf = {true},
  media = {},
  authorother = {true},
}

