% ГОСТ Р 7.0.11-2011, Приложение Б, Книги

@article{McCulloch1943,
  doi = {10.1007/bf02478259},
  url = {https://doi.org/10.1007/bf02478259},
  year = {1943},
  month = dec,
  publisher = {Springer Science and Business Media {LLC}},
  volume = {5},
  number = {4},
  pages = {115--133},
  author = {Warren S. McCulloch and Walter Pitts},
  title = {A logical calculus of the ideas immanent in nervous activity},
  journal = {The Bulletin of Mathematical Biophysics}
}

@book{Galushkin,
  author = {Галушкин, А. И.},
  title = {Синтез многослойных систем распознавания образов},
  year = {1974},
  numpages = {368},
  language = {russian}
}

 @phdthesis{webros_1974, 
   title={Beyond Regression: New Tools for Prediction and Analysis in the Behavioral Science}, 
   author={Webros, Paul John}, 
   year={1974}
}

@article{rosenblatt,
  added-at = {2017-07-19T15:29:59.000+0200},
  author = {Rosenblatt, F.},
  biburl = {https://www.bibsonomy.org/bibtex/214ee8da21c66cd4d00d7ab6eca2d96a9/andreashdez},
  citeulike-article-id = {13697582},
  citeulike-linkout-0 = {http://dx.doi.org/10.1037/h0042519},
  doi = {10.1037/h0042519},
  interhash = {dc0cef9dc06033a04f525efdcde7a660},
  intrahash = {14ee8da21c66cd4d00d7ab6eca2d96a9},
  issn = {0033-295X},
  journal = {Psychological Review},
  keywords = {imported},
  number = 6,
  pages = {386--408},
  posted-at = {2016-05-02 20:23:36},
  priority = {2},
  timestamp = {2017-07-19T15:31:02.000+0200},
  title = {{The perceptron: A probabilistic model for information storage and organization in the brain.}},
  url = {http://dx.doi.org/10.1037/h0042519},
  volume = 65,
  year = 1958
}


@article{kolmogorov,
  year = {1956},
  volume = {108},
  pages = {179--182},
  author = {Andrey Kolmogorov},
  title = {On the representation of continuous functions of several variables by superpositions of continuous functions of a smaller number of variables},
  journal = {Proceedings of the USSR Academy of Sciences}
}

@article{arnold,
  year = {1957},
  volume = {114},
  pages = {679--681},
  author = {Vladimir Arnold},
  title = {On functions of three variables},
  journal = {Proceedings of the USSR Academy of Sciences}
}

@misc{gym_minigrid,
  author = {Chevalier-Boisvert, Maxime and Willems, Lucas and Pal, Suman},
  title = {Minimalistic Gridworld Environment for OpenAI Gym},
  year = {2018},
  publisher = {GitHub},
  journal = {GitHub repository},
  howpublished = {\url{https://github.com/maximecb/gym-minigrid}},
}

@book{Sutton1998,
  added-at = {2019-07-13T10:11:53.000+0200},
  author = {Sutton, Richard S. and Barto, Andrew G.},
  biburl = {https://www.bibsonomy.org/bibtex/2f46601cf8b13d39d1378af0d79438b12/lanteunis},
  edition = {Second},
  interhash = {ac6b144aaec1819919a2fba9f705c852},
  intrahash = {f46601cf8b13d39d1378af0d79438b12},
  keywords = {},
  publisher = {The MIT Press},
  timestamp = {2019-07-13T10:11:53.000+0200},
  title = {Reinforcement Learning: An Introduction},
  url = {http://incompleteideas.net/book/the-book-2nd.html},
  year = {2018 }
}

@article{reward_is_enough,
  doi = {10.1016/j.artint.2021.103535},
  url = {https://doi.org/10.1016/j.artint.2021.103535},
  year = {2021},
  month = oct,
  publisher = {Elsevier {BV}},
  volume = {299},
  pages = {103535},
  author = {David Silver and Satinder Singh and Doina Precup and Richard S. Sutton},
  title = {Reward is enough},
  journal = {Artificial Intelligence}
}

@inproceedings{attention_is_all_you_need,
 author = {Vaswani, Ashish and Shazeer, Noam and Parmar, Niki and Uszkoreit, Jakob and Jones, Llion and Gomez, Aidan N and Kaiser, \L ukasz and Polosukhin, Illia},
 booktitle = {Advances in Neural Information Processing Systems},
 editor = {I. Guyon and U. V. Luxburg and S. Bengio and H. Wallach and R. Fergus and S. Vishwanathan and R. Garnett},
 pages = {},
 publisher = {Curran Associates, Inc.},
 title = {Attention is All you Need},
 url = {https://proceedings.neurips.cc/paper/2017/file/3f5ee243547dee91fbd053c1c4a845aa-Paper.pdf},
 volume = {30},
 year = {2017},
 media = {}
}

@inproceedings{bert,
    title = "{BERT}: Pre-training of Deep Bidirectional Transformers for Language Understanding",
    author = "Devlin, Jacob  and
      Chang, Ming-Wei  and
      Lee, Kenton  and
      Toutanova, Kristina",
    booktitle = "Proceedings of the 2019 Conference of the North {A}merican Chapter of the Association for Computational Linguistics: Human Language Technologies, Volume 1 (Long and Short Papers)",
    month = jun,
    year = "2019",
    address = "Minneapolis, Minnesota",
    publisher = "Association for Computational Linguistics",
    url = "https://aclanthology.org/N19-1423",
    doi = "10.18653/v1/N19-1423",
    pages = "4171--4186",
    abstract = "We introduce a new language representation model called BERT, which stands for Bidirectional Encoder Representations from Transformers. Unlike recent language representation models (Peters et al., 2018a; Radford et al., 2018), BERT is designed to pre-train deep bidirectional representations from unlabeled text by jointly conditioning on both left and right context in all layers. As a result, the pre-trained BERT model can be fine-tuned with just one additional output layer to create state-of-the-art models for a wide range of tasks, such as question answering and language inference, without substantial task-specific architecture modifications. BERT is conceptually simple and empirically powerful. It obtains new state-of-the-art results on eleven natural language processing tasks, including pushing the GLUE score to 80.5 (7.7 point absolute improvement), MultiNLI accuracy to 86.7{\%} (4.6{\%} absolute improvement), SQuAD v1.1 question answering Test F1 to 93.2 (1.5 point absolute improvement) and SQuAD v2.0 Test F1 to 83.1 (5.1 point absolute improvement).",
    media = {}
}


@inproceedings{dall-e,
  title = 	 {Zero-Shot Text-to-Image Generation},
  author =       {Ramesh, Aditya and Pavlov, Mikhail and Goh, Gabriel and Gray, Scott and Voss, Chelsea and Radford, Alec and Chen, Mark and Sutskever, Ilya},
  booktitle = 	 {Proceedings of the 38th International Conference on Machine Learning},
  pages = 	 {8821--8831},
  year = 	 {2021},
  editor = 	 {Meila, Marina and Zhang, Tong},
  volume = 	 {139},
  series = 	 {Proceedings of Machine Learning Research},
  month = 	 {18--24 Jul},
  publisher =    {PMLR},
  pdf = 	 {http://proceedings.mlr.press/v139/ramesh21a/ramesh21a.pdf},
  url = 	 {https://proceedings.mlr.press/v139/ramesh21a.html},
  abstract = 	 {Text-to-image generation has traditionally focused on finding better modeling assumptions for training on a fixed dataset. These assumptions might involve complex architectures, auxiliary losses, or side information such as object part labels or segmentation masks supplied during training. We describe a simple approach for this task based on a transformer that autoregressively models the text and image tokens as a single stream of data. With sufficient data and scale, our approach is competitive with previous domain-specific models when evaluated in a zero-shot fashion.},
  media = {}
}


@inproceedings{recsys,
author = {Richardson, Matthew and Dominowska, Ewa and Ragno, Robert},
title = {Predicting Clicks: Estimating the Click-through Rate for New Ads},
year = {2007},
isbn = {9781595936547},
publisher = {Association for Computing Machinery},
address = {New York, NY, USA},
url = {https://doi.org/10.1145/1242572.1242643},
doi = {10.1145/1242572.1242643},
abstract = {Search engine advertising has become a significant element of the Web browsing experience. Choosing the right ads for the query and the order in which they are displayed greatly affects the probability that a user will see and click on each ad. This ranking has a strong impact on the revenue the search engine receives from the ads. Further, showing the user an ad that they prefer to click on improves user satisfaction. For these reasons, it is important to be able to accurately estimate the click-through rate of ads in the system. For ads that have been displayed repeatedly, this is empirically measurable, but for new ads, other means must be used. We show that we can use features of ads, terms, and advertisers to learn a model that accurately predicts the click-though rate for new ads. We also show that using our model improves the convergence and performance of an advertising system. As a result, our model increases both revenue and user satisfaction.},
booktitle = {Proceedings of the 16th International Conference on World Wide Web},
pages = {521–530},
numpages = {10},
keywords = {CPC, CTR, web advertising, ranking, sponsored search, click-through rate, paid search},
location = {Banff, Alberta, Canada},
series = {WWW '07},
media = {}
}

@article{alphago,
  added-at = {2016-03-11T14:36:05.000+0100},
  author = {Silver, David and Huang, Aja and Maddison, Chris J. and Guez, Arthur and Sifre, Laurent and van den Driessche, George and Schrittwieser, Julian and Antonoglou, Ioannis and Panneershelvam, Veda and Lanctot, Marc and Dieleman, Sander and Grewe, Dominik and Nham, John and Kalchbrenner, Nal and Sutskever, Ilya and Lillicrap, Timothy and Leach, Madeleine and Kavukcuoglu, Koray and Graepel, Thore and Hassabis, Demis},
  biburl = {https://www.bibsonomy.org/bibtex/29e987f58d895c490144693139cbc90c7/ytyoun},
  doi = {10.1038/nature16961},
  interhash = {48430c7891aaf9fe2582faa8f5d076c1},
  intrahash = {9e987f58d895c490144693139cbc90c7},
  journal = {Nature},
  keywords = {baduk go google},
  month = jan,
  number = 7587,
  pages = {484--489},
  publisher = {Nature Publishing Group},
  timestamp = {2016-03-11T14:37:40.000+0100},
  title = {Mastering the Game of {Go} with Deep Neural Networks and Tree Search},
  volume = 529,
  year = 2016,
  media = {}
}

@article{alphazero,
  title={Mastering Chess and Shogi by Self-Play with a General Reinforcement Learning Algorithm},
  author={David Silver and Thomas Hubert and Julian Schrittwieser and Ioannis Antonoglou and Matthew Lai and Arthur Guez and Marc Lanctot and L. Sifre and Dharshan Kumaran and Thore Graepel and Timothy P. Lillicrap and Karen Simonyan and Demis Hassabis},
  journal={ArXiv},
  year={2017},
  volume={abs/1712.01815},
  media = {}
}

@inproceedings{nethack,
 author = {K\"{u}ttler, Heinrich and Nardelli, Nantas and Miller, Alexander and Raileanu, Roberta and Selvatici, Marco and Grefenstette, Edward and Rockt\"{a}schel, Tim},
 booktitle = {Advances in Neural Information Processing Systems},
 editor = {H. Larochelle and M. Ranzato and R. Hadsell and M. F. Balcan and H. Lin},
 pages = {7671--7684},
 publisher = {Curran Associates, Inc.},
 title = {The NetHack Learning Environment},
 url = {https://proceedings.neurips.cc/paper/2020/file/569ff987c643b4bedf504efda8f786c2-Paper.pdf},
 volume = {33},
 year = {2020},
 media = {}
}

@article{mnih2013atari,
	doi = {10.1038/nature14236},
	url = {https://doi.org/10.1038%2Fnature14236},
	year = 2015,
	month = {feb},
	publisher = {Springer Science and Business Media {LLC}},
	volume = {518},
	number = {7540},
	pages = {529--533},
	author = {Volodymyr Mnih and Koray Kavukcuoglu and David Silver and Andrei A. Rusu and Joel Veness and Marc G. Bellemare and Alex Graves and Martin Riedmiller and Andreas K. Fidjeland and Georg Ostrovski and Stig Petersen and Charles Beattie and Amir Sadik and Ioannis Antonoglou and Helen King and Dharshan Kumaran and Daan Wierstra and Shane Legg and Demis Hassabis},
	title = {Human-level control through deep reinforcement learning},
	journal = {Nature}
}


@article{alphastar,
  doi = {10.1038/s41586-019-1724-z},
  url = {https://doi.org/10.1038/s41586-019-1724-z},
  year = {2019},
  month = oct,
  publisher = {Springer Science and Business Media {LLC}},
  volume = {575},
  number = {7782},
  pages = {350--354},
  author = {Oriol Vinyals and Igor Babuschkin and Wojciech M. Czarnecki and Michaël Mathieu and Andrew Dudzik and Junyoung Chung and David H. Choi and Richard Powell and Timo Ewalds and Petko Georgiev and Junhyuk Oh and Dan Horgan and Manuel Kroiss and Ivo Danihelka and Aja Huang and Laurent Sifre and Trevor Cai and John P. Agapiou and Max Jaderberg and Alexander S. Vezhnevets and R{\'{e}}mi Leblond and Tobias Pohlen and Valentin Dalibard and David Budden and Yury Sulsky and James Molloy and Tom L. Paine and Caglar Gulcehre and Ziyu Wang and Tobias Pfaff and Yuhuai Wu and Roman Ring and Dani Yogatama and Dario W\"{u}nsch and Katrina McKinney and Oliver Smith and Tom Schaul and Timothy Lillicrap and Koray Kavukcuoglu and Demis Hassabis and Chris Apps and David Silver},
  title = {Grandmaster level in {StarCraft} {II} using multi-agent reinforcement learning},
  journal = {Nature}
}

@article{Sutton1999,
  doi = {10.1016/s0004-3702(99)00052-1},
  url = {https://doi.org/10.1016/s0004-3702(99)00052-1},
  year = {1999},
  month = aug,
  publisher = {Elsevier {BV}},
  volume = {112},
  number = {1-2},
  pages = {181--211},
  author = {Richard S. Sutton and Doina Precup and Satinder Singh},
  title = {Between {MDPs} and semi-{MDPs}: A framework for temporal abstraction in reinforcement learning},
  journal = {Artificial Intelligence}
}

@ARTICLE{rubic,
       author = {{OpenAI} and {Akkaya}, Ilge and {Andrychowicz}, Marcin and {Chociej}, Maciek and {Litwin}, Mateusz and {McGrew}, Bob and {Petron}, Arthur and {Paino}, Alex and {Plappert}, Matthias and {Powell}, Glenn and {Ribas}, Raphael and {Schneider}, Jonas and {Tezak}, Nikolas and {Tworek}, Jerry and {Welinder}, Peter and {Weng}, Lilian and {Yuan}, Qiming and {Zaremba}, Wojciech and {Zhang}, Lei},
        title = "{Solving Rubik's Cube with a Robot Hand}",
      journal = {arXiv e-prints},
     keywords = {Computer Science - Machine Learning, Computer Science - Artificial Intelligence, Computer Science - Computer Vision and Pattern Recognition, Computer Science - Robotics, Statistics - Machine Learning},
         year = 2019,
        month = oct,
          eid = {arXiv:1910.07113},
        pages = {arXiv:1910.07113},
archivePrefix = {arXiv},
       eprint = {1910.07113},
 primaryClass = {cs.LG},
       adsurl = {https://ui.adsabs.harvard.edu/abs/2019arXiv191007113O},
      adsnote = {Provided by the SAO/NASA Astrophysics Data System}
}

@article{tokomak,
  doi = {10.1038/s41586-021-04301-9},
  url = {https://doi.org/10.1038/s41586-021-04301-9},
  year = {2022},
  month = feb,
  publisher = {Springer Science and Business Media {LLC}},
  volume = {602},
  number = {7897},
  pages = {414--419},
  author = {Jonas Degrave and Federico Felici and Jonas Buchli and Michael Neunert and Brendan Tracey and Francesco Carpanese and Timo Ewalds and Roland Hafner and Abbas Abdolmaleki and Diego de las Casas and Craig Donner and Leslie Fritz and Cristian Galperti and Andrea Huber and James Keeling and Maria Tsimpoukelli and Jackie Kay and Antoine Merle and Jean-Marc Moret and Seb Noury and Federico Pesamosca and David Pfau and Olivier Sauter and Cristian Sommariva and Stefano Coda and Basil Duval and Ambrogio Fasoli and Pushmeet Kohli and Koray Kavukcuoglu and Demis Hassabis and Martin Riedmiller},
  title = {Magnetic control of tokamak plasmas through deep reinforcement learning},
  journal = {Nature}
}

@article{fabry-perot1899,
        author={C. {Fabri} and A. {Pérot}},
        title={On the Application of Interference Phenomena to the Solution of Various Problems of Spectroscopy and Metrology},
        journal={Astrophysical Journal},
        year=1899,
        volume = {9},
        pages = {87}
}
        
@article{LIGO,
  doi = {10.1088/0034-4885/72/7/076901},
  url = {https://doi.org/10.1088/0034-4885/72/7/076901},
  year = {2009},
  month = jun,
  publisher = {{IOP} Publishing},
  volume = {72},
  number = {7},
  pages = {076901},
  author = {B P Abbott and R Abbott and R Adhikari and et.al},
  title = {{LIGO}: the Laser Interferometer Gravitational-Wave Observatory},
  journal = {Reports on Progress in Physics}
}

@article{VIRGO,
  doi = {10.1088/1748-0221/7/03/p03012},
  url = {https://doi.org/10.1088/1748-0221/7/03/p03012},
  year = {2012},
  month = mar,
  publisher = {{IOP} Publishing},
  volume = {7},
  number = {03},
  pages = {P03012--P03012},
  author = {T Accadia and F Acernese and M Alshourbagy and et.al},
  title = {Virgo: a laser interferometer to detect gravitational waves},
  journal = {Journal of Instrumentation}
}

@article{Kandpal2000,
  doi = {10.1016/s0143-8166(00)00098-1},
  url = {https://doi.org/10.1016/s0143-8166(00)00098-1},
  year = {2000},
  month = sep,
  publisher = {Elsevier {BV}},
  volume = {34},
  number = {3},
  pages = {139--148},
  author = {H.C. Kandpal and D.S. Mehta and J.S. Vaishya},
  title = {Simple method for measurement of surface roughness using spectral interferometry},
  journal = {Optics and Lasers in Engineering}
}

@article{Ourjoumtsev2006,
        author = {Ourjoumtsev, Alexei and Tualle-Brouri, Rosa and Laurat, Julien and Grangier, Philippe},
        journal = {Science},
        number = {5770},
        pages = {83--86},
        title = {{Generating optical Schr{\"{o}}dinger kittens for quantum information processing.}},
        volume = {312},
        year = {2006}
}

@article{Sychev2017,
    author = {Sychev, Demid V. and Ulanov, Alexander E. and Pushkina, Anastasia A. and Richards, Matthew W. and Fedorov, Ilya A. and Lvovsky, Alexander I.},
    journal = {Nat. Photonics},
    pages = {379--382},
    title = {{Enlargement of optical Schr{\"{o}}dinger's cat states}},
    volume = {11},
    year = {2017}
}

@article{brockman2016openai,
  author = {Brockman, Greg and Cheung, Vicki and Pettersson, Ludwig and Schneider, Jonas and Schulman, John and Tang, Jie and Zaremba, Wojciech},
  biburl = {https://www.bibsonomy.org/bibtex/2cdc8f927d6c8657ea82951a09e34161a/achakraborty},
  description = {[1606.01540] OpenAI Gym},
  interhash = {cfd0ba0b44eda9a3ca67480dfbf823a0},
  intrahash = {cdc8f927d6c8657ea82951a09e34161a},
  keywords = {2016 arxiv paper reinforcement-learning},
  note = {cite arxiv:1606.01540},
  timestamp = {2018-04-12T12:08:39.000+0200},
  title = {OpenAI Gym},
  url = {http://arxiv.org/abs/1606.01540},
  year = 2016
}

@article{dqn,
  doi = {10.1038/nature14236},
  url = {https://doi.org/10.1038/nature14236},
  year = {2015},
  month = feb,
  publisher = {Springer Science and Business Media {LLC}},
  volume = {518},
  number = {7540},
  pages = {529--533},
  author = {Volodymyr Mnih and Koray Kavukcuoglu and David Silver and Andrei A. Rusu and Joel Veness and Marc G. Bellemare and Alex Graves and Martin Riedmiller and Andreas K. Fidjeland and Georg Ostrovski and Stig Petersen and Charles Beattie and Amir Sadik and Ioannis Antonoglou and Helen King and Dharshan Kumaran and Daan Wierstra and Shane Legg and Demis Hassabis},
  title = {Human-level control through deep reinforcement learning},
  journal = {Nature}
}

@article{ddpg,
  title={Continuous control with deep reinforcement learning},
  author={Lillicrap, Timothy P and Hunt, Jonathan J and Pritzel, Alexander and Heess, Nicolas and Erez, Tom and Tassa, Yuval and Silver, David and Wierstra, Daan},
  journal={arXiv preprint arXiv:1509.02971},
  year={2015}
}

@article{impala,
       author = {{Espeholt}, Lasse and {Soyer}, Hubert and {Munos}, Remi and {Simonyan}, Karen and {Mnih}, Volodymir and {Ward}, Tom and {Doron}, Yotam and {Firoiu}, Vlad and {Harley}, Tim and {Dunning}, Iain and {Legg}, Shane and {Kavukcuoglu}, Koray},
        title = "{IMPALA: Scalable Distributed Deep-RL with Importance Weighted Actor-Learner Architectures}",
      journal = {arXiv e-prints},
     keywords = {Computer Science - Machine Learning, Computer Science - Artificial Intelligence},
         year = 2018,
        month = feb,
          eid = {arXiv:1802.01561},
        pages = {arXiv:1802.01561},
archivePrefix = {arXiv},
       eprint = {1802.01561},
 primaryClass = {cs.LG},
       adsurl = {https://ui.adsabs.harvard.edu/abs/2018arXiv180201561E},
      adsnote = {Provided by the SAO/NASA Astrophysics Data System}
}

@article{maml,
       author = {{Finn}, Chelsea and {Abbeel}, Pieter and {Levine}, Sergey},
        title = "{Model-Agnostic Meta-Learning for Fast Adaptation of Deep Networks}",
      journal = {arXiv e-prints},
     keywords = {Computer Science - Machine Learning, Computer Science - Artificial Intelligence, Computer Science - Computer Vision and Pattern Recognition, Computer Science - Neural and Evolutionary Computing},
         year = 2017,
        month = mar,
          eid = {arXiv:1703.03400},
        pages = {arXiv:1703.03400},
archivePrefix = {arXiv},
       eprint = {1703.03400},
 primaryClass = {cs.LG},
       adsurl = {https://ui.adsabs.harvard.edu/abs/2017arXiv170303400F},
      adsnote = {Provided by the SAO/NASA Astrophysics Data System}
}

@article{MACAW,
       author = {{Mitchell}, Eric and {Rafailov}, Rafael and {Peng}, Xue Bin and {Levine}, Sergey and {Finn}, Chelsea},
        title = "{Offline Meta-Reinforcement Learning with Advantage Weighting}",
      journal = {arXiv e-prints},
     keywords = {Computer Science - Machine Learning, Computer Science - Artificial Intelligence, Statistics - Machine Learning},
         year = 2020,
        month = aug,
          eid = {arXiv:2008.06043},
        pages = {arXiv:2008.06043},
archivePrefix = {arXiv},
       eprint = {2008.06043},
 primaryClass = {cs.LG},
       adsurl = {https://ui.adsabs.harvard.edu/abs/2020arXiv200806043M},
      adsnote = {Provided by the SAO/NASA Astrophysics Data System}
}

@article{VariBad,
       author = {{Zintgraf}, Luisa and {Shiarlis}, Kyriacos and {Igl}, Maximilian and {Schulze}, Sebastian and {Gal}, Yarin and {Hofmann}, Katja and {Whiteson}, Shimon},
        title = "{VariBAD: A Very Good Method for Bayes-Adaptive Deep RL via Meta-Learning}",
      journal = {arXiv e-prints},
     keywords = {Computer Science - Machine Learning, Statistics - Machine Learning},
         year = 2019,
        month = oct,
          eid = {arXiv:1910.08348},
        pages = {arXiv:1910.08348},
archivePrefix = {arXiv},
       eprint = {1910.08348},
 primaryClass = {cs.LG},
       adsurl = {https://ui.adsabs.harvard.edu/abs/2019arXiv191008348Z},
      adsnote = {Provided by the SAO/NASA Astrophysics Data System}
}

@article{PEARL,
  author = {{Rakelly}, Kate and {Zhou}, Aurick and {Quillen}, Deirdre and {Finn}, Chelsea and {Levine}, Sergey},
  title = "{Efficient Off-Policy Meta-Reinforcement Learning via Probabilistic Context Variables}",
  journal = {arXiv e-prints},
  keywords = {Computer Science - Machine Learning, Computer Science - Artificial Intelligence, Statistics - Machine Learning},
  year = 2019,
  month = mar,
  eid = {arXiv:1903.08254},
  pages = {arXiv:1903.08254},
  archivePrefix = {arXiv},
  eprint = {1903.08254},
  primaryClass = {cs.LG},
  adsurl = {https://ui.adsabs.harvard.edu/abs/2019arXiv190308254R},
  adsnote = {Provided by the SAO/NASA Astrophysics Data System}
}

@article{metaworld,
  author = {{Yu}, Tianhe and {Quillen}, Deirdre and {He}, Zhanpeng and {Julian}, Ryan and {Hausman}, Karol and {Finn}, Chelsea and {Levine}, Sergey},
  title = "{Meta-World: A Benchmark and Evaluation for Multi-Task and Meta Reinforcement Learning}",
  journal = {arXiv e-prints},
  keywords = {Computer Science - Machine Learning, Computer Science - Artificial Intelligence, Computer Science - Robotics, Statistics - Machine Learning},
  year = 2019,
  month = oct,
  eid = {arXiv:1910.10897},
  pages = {arXiv:1910.10897},
  archivePrefix = {arXiv},
  eprint = {1910.10897},
  primaryClass = {cs.LG},
  adsurl = {https://ui.adsabs.harvard.edu/abs/2019arXiv191010897Y},
  adsnote = {Provided by the SAO/NASA Astrophysics Data System}
}

@article{meld,
  author = {{Zhao}, Tony Z. and {Nagabandi}, Anusha and {Rakelly}, Kate and {Finn}, Chelsea and {Levine}, Sergey},
  title = "{MELD: Meta-Reinforcement Learning from Images via Latent State Models}",
  journal = {arXiv e-prints},
  keywords = {Computer Science - Machine Learning, Computer Science - Artificial Intelligence, Computer Science - Computer Vision and Pattern Recognition, Computer Science - Robotics},
  year = 2020,
  month = oct,
  eid = {arXiv:2010.13957},
  pages = {arXiv:2010.13957},
  archivePrefix = {arXiv},
  eprint = {2010.13957},
  primaryClass = {cs.LG},
  adsurl = {https://ui.adsabs.harvard.edu/abs/2020arXiv201013957Z},
  adsnote = {Provided by the SAO/NASA Astrophysics Data System}
}

@article{RL2,
  author = {{Duan}, Yan and {Schulman}, John and {Chen}, Xi and {Bartlett}, Peter L. and {Sutskever}, Ilya and {Abbeel}, Pieter},
  title = "{RL$^2$: Fast Reinforcement Learning via Slow Reinforcement Learning}",
  journal = {arXiv e-prints},
  keywords = {Computer Science - Artificial Intelligence, Computer Science - Machine Learning, Computer Science - Neural and Evolutionary Computing, Statistics - Machine Learning},
  year = 2016,
  month = nov,
  eid = {arXiv:1611.02779},
  pages = {arXiv:1611.02779},
  archivePrefix = {arXiv},
  eprint = {1611.02779},
  primaryClass = {cs.AI},
  adsurl = {https://ui.adsabs.harvard.edu/abs/2016arXiv161102779D},
  adsnote = {Provided by the SAO/NASA Astrophysics Data System}
}

@ARTICLE{vae,
       author = {{Kingma}, Diederik P and {Welling}, Max},
        title = "{Auto-Encoding Variational Bayes}",
      journal = {arXiv e-prints},
     keywords = {Statistics - Machine Learning, Computer Science - Machine Learning},
         year = 2013,
        month = dec,
          eid = {arXiv:1312.6114},
        pages = {arXiv:1312.6114},
archivePrefix = {arXiv},
       eprint = {1312.6114},
 primaryClass = {stat.ML},
       adsurl = {https://ui.adsabs.harvard.edu/abs/2013arXiv1312.6114K},
      adsnote = {Provided by the SAO/NASA Astrophysics Data System}
}

@ARTICLE{vae2014,
       author = {{Jimenez Rezende}, Danilo and {Mohamed}, Shakir and {Wierstra}, Daan},
        title = "{Stochastic Backpropagation and Approximate Inference in Deep Generative Models}",
      journal = {arXiv e-prints},
     keywords = {Statistics - Machine Learning, Computer Science - Artificial Intelligence, Computer Science - Machine Learning, Statistics - Computation, Statistics - Methodology},
         year = 2014,
        month = jan,
          eid = {arXiv:1401.4082},
        pages = {arXiv:1401.4082},
archivePrefix = {arXiv},
       eprint = {1401.4082},
 primaryClass = {stat.ML},
       adsurl = {https://ui.adsabs.harvard.edu/abs/2014arXiv1401.4082J},
      adsnote = {Provided by the SAO/NASA Astrophysics Data System}
}

@ARTICLE{vae2016,
       author = {{Alemi}, Alexander A. and {Fischer}, Ian and {Dillon}, Joshua V. and {Murphy}, Kevin},
        title = "{Deep Variational Information Bottleneck}",
      journal = {arXiv e-prints},
     keywords = {Computer Science - Machine Learning, Computer Science - Information Theory},
         year = 2016,
        month = dec,
          eid = {arXiv:1612.00410},
        pages = {arXiv:1612.00410},
archivePrefix = {arXiv},
       eprint = {1612.00410},
 primaryClass = {cs.LG},
       adsurl = {https://ui.adsabs.harvard.edu/abs/2016arXiv161200410A},
      adsnote = {Provided by the SAO/NASA Astrophysics Data System}
}

@ARTICLE{sac,
       author = {{Haarnoja}, Tuomas and {Zhou}, Aurick and {Abbeel}, Pieter and {Levine}, Sergey},
        title = "{Soft Actor-Critic: Off-Policy Maximum Entropy Deep Reinforcement Learning with a Stochastic Actor}",
      journal = {arXiv e-prints},
     keywords = {Computer Science - Machine Learning, Computer Science - Artificial Intelligence, Statistics - Machine Learning},
         year = 2018,
        month = jan,
          eid = {arXiv:1801.01290},
        pages = {arXiv:1801.01290},
archivePrefix = {arXiv},
       eprint = {1801.01290},
 primaryClass = {cs.LG},
       adsurl = {https://ui.adsabs.harvard.edu/abs/2018arXiv180101290H},
      adsnote = {Provided by the SAO/NASA Astrophysics Data System}
}

@ARTICLE{sac_applications,
       author = {{Haarnoja}, Tuomas and {Zhou}, Aurick and {Hartikainen}, Kristian and {Tucker}, George and {Ha}, Sehoon and {Tan}, Jie and {Kumar}, Vikash and {Zhu}, Henry and {Gupta}, Abhishek and {Abbeel}, Pieter and {Levine}, Sergey},
        title = "{Soft Actor-Critic Algorithms and Applications}",
      journal = {arXiv e-prints},
     keywords = {Computer Science - Machine Learning, Computer Science - Artificial Intelligence, Computer Science - Robotics, Statistics - Machine Learning},
         year = 2018,
        month = dec,
          eid = {arXiv:1812.05905},
        pages = {arXiv:1812.05905},
archivePrefix = {arXiv},
       eprint = {1812.05905},
 primaryClass = {cs.LG},
       adsurl = {https://ui.adsabs.harvard.edu/abs/2018arXiv181205905H},
      adsnote = {Provided by the SAO/NASA Astrophysics Data System}
}

@ARTICLE{gae,
       author = {{Schulman}, John and {Moritz}, Philipp and {Levine}, Sergey and {Jordan}, Michael and {Abbeel}, Pieter},
        title = "{High-Dimensional Continuous Control Using Generalized Advantage Estimation}",
      journal = {arXiv e-prints},
     keywords = {Computer Science - Machine Learning, Computer Science - Robotics, Computer Science - Systems and Control},
         year = 2015,
        month = jun,
          eid = {arXiv:1506.02438},
        pages = {arXiv:1506.02438},
archivePrefix = {arXiv},
       eprint = {1506.02438},
 primaryClass = {cs.LG},
       adsurl = {https://ui.adsabs.harvard.edu/abs/2015arXiv150602438S},
      adsnote = {Provided by the SAO/NASA Astrophysics Data System}
}

@article{Watkins_1992,
	doi = {10.1007/bf00992698},
	url = {https://doi.org/10.1007%2Fbf00992698},
	year = 1992,
	month = {may},
	publisher = {Springer Science and Business Media {LLC}},
	volume = {8},
	number = {3-4},
	pages = {279--292},
	author = {Christopher J. C. H. Watkins and Peter Dayan},
	title = {Q-learning},
	journal = {Machine Learning}
}

@article{SuttonQLearning,
  doi = {10.1007/bf00115009},
  url = {https://doi.org/10.1007/bf00115009},
  year = {1988},
  month = aug,
  publisher = {Springer Science and Business Media {LLC}},
  volume = {3},
  number = {1},
  pages = {9--44},
  author = {Richard S. Sutton},
  title = {Learning to predict by the methods of temporal differences},
  journal = {Machine Learning}
}

@article{Fujimoto2018AddressingFA,
  title={Addressing Function Approximation Error in Actor-Critic Methods},
  author={Scott Fujimoto and Herke van Hoof and David Meger},
  journal={ArXiv},
  year={2018},
  volume={abs/1802.09477}
}

@article{Lillicrap2016ContinuousCW,
  title={Continuous control with deep reinforcement learning},
  author={Timothy P. Lillicrap and Jonathan J. Hunt and Alexander Pritzel and Nicolas Manfred Otto Heess and Tom Erez and Yuval Tassa and David Silver and Daan Wierstra},
  journal={CoRR},
  year={2016},
  volume={abs/1509.02971}
}

@article{Schulman2017ProximalPO,
  title={Proximal Policy Optimization Algorithms},
  author={John Schulman and Filip Wolski and Prafulla Dhariwal and Alec Radford and Oleg Klimov},
  journal={ArXiv},
  year={2017},
  volume={abs/1707.06347}
}

@article{Schulman2016HighDimensionalCC,
  title={High-Dimensional Continuous Control Using Generalized Advantage Estimation},
  author={John Schulman and Philipp Moritz and Sergey Levine and Michael I. Jordan and P. Abbeel},
  journal={CoRR},
  year={2016},
  volume={abs/1506.02438}
}

@article{stadie2015incentivizing,
  title={Incentivizing exploration in reinforcement learning with deep predictive models},
  author={Stadie, Bradly C and Levine, Sergey and Abbeel, Pieter},
  journal={arXiv preprint arXiv:1507.00814},
  year={2015}
}

@inproceedings{pathak2017curiosity,
  title={Curiosity-driven exploration by self-supervised prediction},
  author={Pathak, Deepak and Agrawal, Pulkit and Efros, Alexei A and Darrell, Trevor},
  booktitle={International conference on machine learning},
  pages={2778--2787},
  year={2017},
  organization={PMLR}
}

@article{rnd,
  title={Exploration by random network distillation},
  author={Burda, Yuri and Edwards, Harrison and Storkey, Amos and Klimov, Oleg},
  journal={arXiv preprint arXiv:1810.12894},
  year={2018}
}

@article{Strehl2008,
  doi = {10.1016/j.jcss.2007.08.009},
  url = {https://doi.org/10.1016/j.jcss.2007.08.009},
  year = {2008},
  month = dec,
  publisher = {Elsevier {BV}},
  volume = {74},
  number = {8},
  pages = {1309--1331},
  author = {Alexander L. Strehl and Michael L. Littman},
  title = {An analysis of model-based Interval Estimation for Markov Decision Processes},
  journal = {Journal of Computer and System Sciences}
}

@article{robel,
  title={Multi-Agent Manipulation via Locomotion using Hierarchical Sim2Real},
  author={Ofir Nachum and Michael Ahn and Hugo Ponte and Shixiang Shane Gu and Vikash Kumar},
  journal={ArXiv},
  year={2019},
  volume={abs/1908.05224}
}

@article{Sutton1999,
  doi = {10.1016/s0004-3702(99)00052-1},
  url = {https://doi.org/10.1016/s0004-3702(99)00052-1},
  year = {1999},
  month = aug,
  publisher = {Elsevier {BV}},
  volume = {112},
  number = {1-2},
  pages = {181--211},
  author = {Richard S. Sutton and Doina Precup and Satinder Singh},
  title = {Between {MDPs} and semi-{MDPs}: A framework for temporal abstraction in reinforcement learning},
  journal = {Artificial Intelligence}
}

@article{dietterich2000hierarchical,
  title={Hierarchical reinforcement learning with the MAXQ value function decomposition},
  author={Dietterich, Thomas G},
  journal={Journal of artificial intelligence research},
  volume={13},
  pages={227--303},
  year={2000}
}

@inproceedings{mcGovern, 
    author = {McGovern, Amy and Barto, Andrew G.}, 
    title = {Automatic Discovery of Subgoals in Reinforcement Learning Using Diverse Density}, 
    year = {2001}, 
    isbn = {1558607781}, 
    publisher = {Morgan Kaufmann Publishers Inc.}, 
    address = {San Francisco, CA, USA}, booktitle = {Proceedings of the Eighteenth International Conference on Machine Learning}, 
    pages = {361–368}, 
    numpages = {8}, 
    series = {ICML '01} 
}

@article{levy2017learning,
  title={Learning multi-level hierarchies with hindsight},
  author={Levy, Andrew and Konidaris, George and Platt, Robert and Saenko, Kate},
  journal={arXiv preprint arXiv:1712.00948},
  year={2017}
}

@article{hafner2022deep,
  title={Deep Hierarchical Planning from Pixels},
  author={Hafner, Danijar and Lee, Kuang-Huei and Fischer, Ian and Abbeel, Pieter},
  journal={arXiv preprint arXiv:2206.04114},
  year={2022}
}

@inproceedings{yu2020meta,
  title={Meta-world: A benchmark and evaluation for multi-task and meta reinforcement learning},
  author={Yu, Tianhe and Quillen, Deirdre and He, Zhanpeng and Julian, Ryan and Hausman, Karol and Finn, Chelsea and Levine, Sergey},
  booktitle={Conference on robot learning},
  pages={1094--1100},
  year={2020},
  organization={PMLR}
}

@inproceedings{alexnet,
 author = {Krizhevsky, Alex and Sutskever, Ilya and Hinton, Geoffrey E},
 booktitle = {Advances in Neural Information Processing Systems},
 editor = {F. Pereira and C.J. Burges and L. Bottou and K.Q. Weinberger},
 pages = {},
 publisher = {Curran Associates, Inc.},
 title = {ImageNet Classification with Deep Convolutional Neural Networks},
 url = {https://proceedings.neurips.cc/paper/2012/file/c399862d3b9d6b76c8436e924a68c45b-Paper.pdf},
 volume = {25},
 year = {2012}
}

@article{hwangbo2019learning,
  title={Learning agile and dynamic motor skills for legged robots},
  author={Hwangbo, Jemin and Lee, Joonho and Dosovitskiy, Alexey and Bellicoso, Dario and Tsounis, Vassilios and Koltun, Vladlen and Hutter, Marco},
  journal={Science Robotics},
  volume={4},
  number={26},
  pages={eaau5872},
  year={2019},
  publisher={American Association for the Advancement of Science}
}

@article{Sarkar2006,
  doi = {10.1063/1.2206677},
  url = {https://doi.org/10.1063/1.2206677},
  year = {2006},
  month = may,
  publisher = {{AIP} Publishing},
  volume = {88},
  number = {21},
  pages = {213113},
  author = {Angik Sarkar and T. K. Bhattacharyya and Ajay Patwardhan},
  title = {Quantum logic processor: Implementation with electronic Mach-Zehnder interferometer},
  journal = {Applied Physics Letters}
}

@article{Chevalerias1957,
  doi = {10.1364/josa.47.000703},
  url = {https://doi.org/10.1364/josa.47.000703},
  year = {1957},
  month = aug,
  publisher = {The Optical Society},
  volume = {47},
  number = {8},
  pages = {703},
  author = {R. Chevalerias and Y. Latron and C. Veret},
  title = {Methods of Interferometry Applied to the Visualization of Flows in Wind Tunnels},
  journal = {Journal of the Optical Society of America}
}

@misc{newport_mirror,
  title = {Newport optical mirror mount},
  howpublished = {\url{https://www.newport.com/p/8807}},
}

@book{gerrard2012introduction,
  title={Introduction to Matrix Methods in Optics},
  author={Gerrard, A. and Burch, J.M.},
  isbn={9780486143842},
  series={Dover Books on Physics Series},
  url={https://books.google.ru/books?id=zyIXt0rMzGkC},
  year={2012},
  publisher={Dover Publications, Incorporated}
}


@misc{standa_stage,
  title = {Standa motorized linear stage},
  howpublished = {\url{https://www.standa.lt/products/catalog/motorised_positioners?item=627}},
}

@misc{standa_soft,
  title = {Standa control software},
  howpublished = {\url{http://files.xisupport.com/Software.en.html}},
}

@misc{ids_soft,
  title = {IDS software},
  howpublished = {\url{https://en.ids-imaging.com/downloads.html}},
}

@misc{lsusb,
  title = {lsusb command},
  howpublished = {\url{https://www.opennet.ru/man.shtml?topic=lsusb}},
}

@article{simonyan2014very,
  title={Very deep convolutional networks for large-scale image recognition},
  author={Simonyan, Karen and Zisserman, Andrew},
  journal={arXiv preprint arXiv:1409.1556},
  year={2014}
}

@BOOK{Sychev,
  author = {Сычёв, М. С.},
  title = {История Астраханского казачьего войска : учебное пособие},
  address = {Астрахань},
  publisher = {Волга},
  year = {2009},
  numpages = {231},
  language = {russian}
}

@BOOK{Sokolov,
  author = {Соколов, А. Н. and Сердобинцев, К. С.},
  editor = {Бочарова, В. М.},
  address = {Астрахань},
  publisher = {Калиниградский ЮИ МВД России},
  title = {Гражданское общество: проблемы формирования и развития (философский и юридический аспекты) : монография},
  year = {2009},
  numpages = {218},
  language = {russian}
}

@BOOK{Gaidaenko,
  author = {Гайдаенко, Т. А.},
  title = {Маркетинговое управление: принципы управленческих решений и российская практика},
  edition = {{}3-е изд, перераб. и доп.},
  address = {М.},
  publisher = {Эксмо: МИРБИС},
  year = {2008},
  numpages = {508},
  language = {russian}
}

@BOOK{Lermontov,
  author = {Лермонтов, Михаил Юрьевич},
  title = {Собрание сочинений: в 4 т.},
  address = {М.},
  publisher = {Терра-Кн. клуб},
  year = {2009},
  note = {4 т.},
  language = {russian}
}

@BOOK{Management,
  title = {Управление бизнесом : сборник статей},
  address = {Нижний новгород},
  publisher = {Изд-во Нижегородского университета},
  year = {2009},
  numpages = {243},
  language = {russian}
}

@BOOK{Borozda,
  author = {Борозда, И. В. and Воронин, Н. И. and Бушманов, А. В.},
  title = {Лечение сочетанных повреждений таза},
  address = {Владивосток},
  publisher = {Дальнаука},
  year = {2009},
  numpages = {195},
  language = {russian}
}

@BOOK{Marketing,
  author = {Михненков, О. В. and Коготкова, И. З. and Генкин, Е. В. and Сороко, Г. Я.},
  title = {Маркетинговые исследования в строительстве : учебное пособие для студентов специальности «Менеджмент организаций»},
  address = {М.},
  publisher = {Государственный университет управления},
  year = {2005},
  numpages = {59},
  language = {russian}
}

% ГОСТ Р 7.0.11-2011, Приложение Б, Нормативные правовые акты
@BOOK{Constitution,
  title = {Конституция Российской Федерации : офиц. текст.},
  address = {М.},
  publisher = {Маркетинг},
  year = {2001},
  numpages = {39},
  language = {russian}
}

@BOOK{FamilyCode,
  title = {Семейный кодекс Российской Федерации : [федер. закон: принят Гос. Думой 8 дек. 1995~г. : по состоянию на 3~янв. 2001~г.]},
  address = {СПб.},
  publisher = {Стаун-кантри},
  year = {2001},
  numpages = {94},
  language = {russian}
}

% ГОСТ Р 7.0.11-2011, Приложение Б, Стандарты
@BOOK{Gost.7.0.53,
  title = {ГОСТ Р 7.0.53-2007 Система стандартов по информации, библиотечному и издательскому делу. Издания. Международный стандартный книжный номер. Использование и издательское оформление.},
  address = {М.},
  publisher = {Стандартинформ},
  year = {2007},
  numpages = {5},
  language = {russian}
}

% ГОСТ Р 7.0.11-2011, Приложение Б, Депонированные научные работы
@BOOK{Razumovski,
  author = {Разумовский, В. А. and Андреев, Д. А.},
  title = {Управление маркетинговыми исследованиями в регионе},
  address = {М.},
  year = {2002},
  numpages = {210},
  note = {Деп. в ИНИОН Рос. акад. наук 15.02.02, № 139876},
  language = {russian}
}

% ГОСТ Р 7.0.11-2011, Приложение Б, Диссертации
@BOOK{Lagkueva,
  author = {Лагкуева, Ирина Владимировна},
  title = {Особенности регулирования труда творческих работников театров : дис. ... канд. юрид. наук : 12.00.05},
  address = {М.},
  year = {2009},
  numpages = {168},
  language = {russian}
}

@BOOK{Pokrovski,
  author = {Покровский, Андрей Владимирович},
  title = {Устранимые особенности решений эллиптических уравнений : дис. ... д-ра физ.-мат. наук : 01.01.01},
  address = {М.},
  year = {2008},
  numpages = {178},
  language = {russian}
}

% ГОСТ Р 7.0.11-2011, Приложение Б, Авторефераты диссертаций
@BOOK{Sirotko,
  author = {Сиротко, Владимир Викторович},
  title = {Медико-социальные аспекты городского травматизма в современных условиях : автореф. дис. ... канд. мед. наук : 14.00.33},
  address = {М.},
  year = {2006},
  numpages = {26},
  language = {russian}
}

% !!! этот пример НЕ работает с bibtex
% Тот же пример, с использованием https://www.ctan.org/pkg/biblatex-gost
@THESIS{Sirotko2,
  author =       {Сиротко, Владимир Викторович},
  title =        {Медико-социальные аспекты городского травматизма в современных условиях},
  media =        {text},
  type =         {phdautoref},
  science =      {мед. наук},
  specialitycode ={14.00.33},
  address =      {М.},
  year =         {2006},
  pagetotal =    {26},
  language =     {russian},
}

@BOOK{Lukina,
  author = {Лукина, Валентина Александровна},
  title = {Творческая история «Записок охотника» И. С. Тургенева : автореф. дис. ... канд. филол. наук : 10.01.01},
  address = {СПб.},
  year = {2006},
  numpages = {26},
  language = {russian}
}

% !!! этот пример НЕ работает с bibtex
% Тот же пример, с использованием https://www.ctan.org/pkg/biblatex-gost
@THESIS{Lukina2,
  author =       {Лукина, Валентина Александровна},
  title =        {Творческая история «Записок охотника» И. С. Тургенева},
  media =        {text},
  type =         {phdautoref},
  science =      {филол. наук},
  specialitycode ={10.01.01},
  address =      {СПб.},
  year =         {2006},
  pagetotal =    {26},
  language =     {russian},
}

% ГОСТ Р 7.0.11-2011, Приложение Б, Отчёты о научно-исследовательской работе
@BOOK{Methodology,
  author = {Загорюев, А. Л.},
  title = {Методология и методы изучения военно-профессиональной направленности подростков : отчёт о НИР},
  address = {Екатеринбург},
  institution = {Уральский институт практической психологии},
  year = {2008},
  numpages = {102},
  language = {russian}
}

% ГОСТ Р 7.0.11-2011, Приложение Б, Электронные ресурсы
@BOOK{Encyclopedia,
  title = {Художественная энциклопедия зарубежного классического искусства [Электронный ресурс]},
  address = {М.},
  publisher = {Большая Рос. энкцикл.},
  year = {1996},
  note = {1 электрон. опт. диск (CD-ROM)},
  language = {russian}
}

% !!! этот пример НЕ работает с bibtex
% Тот же пример, с использованием https://www.ctan.org/pkg/biblatex-gost
@BOOK{Encyclopedia2,
  title = {Художественная энциклопедия зарубежного классического искусства},
  address = {М.},
  media = {eresource},
  publisher = {Большая Рос. энкцикл.},
  year = {1996},
  note = {1 электрон. опт. диск (CD-ROM)},
  language = {russian},
}

@ARTICLE{Nasirova,
  author =       {Насырова, Г. А.},
  title =        {Модели государственного регулирования страховой деятельности
                  [Электронный ресурс]},
  journal =      {Вестник Финансовой академии},
  year =         {2003},
  number =       {4},
  note =         {Режим доступа: http://vestnik.fa.ru/4(28)2003/4.html},
  language =     {russian}
}

@ARTICLE{Nasirova2,
  author = {Насырова, Г. А.},
  title = {Модели государственного регулирования страховой деятельности},
  journal = {Вестник Финансовой академии},
  year = {2003},
  media = {eresource},
  number = {4},
  note = {Режим доступа: http://vestnik.fa.ru/4(28)2003/4.html},
  language = {russian}
}

% ГОСТ Р 7.0.11-2011, Приложение Б, Статьи

@ARTICLE{Berestova,
  author = {Берестова, Т. Ф.},
  title = {Поисковые инструменты библиотеки},
  journal = {Библиография},
  year = {2006},
  number = {4},
  pages = {19},
  language = {russian}
}

@ARTICLE{Kriger,
  author = {Кригер, И.},
  title =  {Бумага терпит},
  journal = {Новая газета},
  year = {2009},
  note = {1 июля},
  language = {russian}
}


% Examples from https://verbosus.com/bibtex-style-examples.html
@ARTICLE{Article,
  author   = {Peter Adams},
  title    = {The title of the work},
  journal  = {The name of the journal},
  year     = {1993},
  number   = {2},
  pages    = {201-213},
  month    = {7},
  note     = {An optional note},
  volume   = {4},
  language = {english}
}

@BOOK{Book,
  author    = {Peter Babington},
  title     = {The title of the work},
  publisher = {The name of the publisher},
  year      = {1993},
  volume    = {4},
  series    = {10},
  address   = {The address},
  edition   = {3},
  month     = {7},
  note      = {An optional note},
  isbn      = {3257227892},
  language  = {english}
}

@BOOKLET{Booklet,
  title        = {The title of the work},
  author       = {Peter Caxton},
  howpublished = {How it was published},
  address      = {The address of the publisher},
  month        = {7},
  year         = {1993},
  note         = {An optional note},
  language     = {english}
}

@CONFERENCE{Conference,
  author       = {Peter Draper},
  title        = {The title of the work},
  booktitle    = {The title of the book},
  year         = {1993},
  editor       = {The editor},
  volume       = {4},
  series       = {5},
  pages        = {213},
  address      = {The address of the publisher},
  month        = {7},
  organization = {The organization},
  publisher    = {The publisher},
  note         = {An optional note},
  language     = {english}
}

@INBOOK{Inbook,
  author       = {Peter Eston},
  title        = {The title of the work},
  booktitle    = {Book title},
  chapter      = {8},
  pages        = {201-213},
  publisher    = {The name of the publisher},
  year         = {1993},
  volume       = {4},
  series       = {5},
  address      = {The address of the publisher},
  edition      = {3},
  month        = {7},
  note         = {An optional note},
  language     = {english}
}

@INCOLLECTION{Incollection,
  author       = {Peter Farindon},
  title        = {The title of the work},
  booktitle    = {The title of the book},
  publisher    = {The name of the publisher},
  year         = {1993},
  editor       = {The editor},
  volume       = {4},
  series       = {5},
  chapter      = {8},
  pages        = {201-213},
  address      = {The address of the publisher},
  edition      = {3},
  month        = {7},
  note         = {An optional note},
  language     = {english}
}

@MANUAL{Manual,
  title        = {The title of the work},
  author       = {Peter Gainsford},
  organization = {The organization},
  address      = {The address of the publisher},
  edition      = {3},
  month        = {7},
  year         = {1993},
  note         = {An optional note},
  language     = {english}
}

@MASTERSTHESIS{Mastersthesis,
  author       = {Peter Harwood},
  title        = {The title of the work},
  school       = {The school where the thesis was written},
  year         = {1993},
  address      = {The address of the publisher},
  month        = {7},
  note         = {An optional note},
  language     = {english}
}

@MISC{Misc,
  author       = {Peter Isley},
  title        = {The title of the work},
  howpublished = {How it was published},
  month        = {7},
  year         = {1993},
  note         = {An optional note},
  language     = {english}
}

@PHDTHESIS{Phdthesis,
  author       = {Peter Joslin},
  title        = {The title of the work},
  school       = {The school where the thesis was written},
  year         = {1993},
  address      = {The address of the publisher},
  month        = {7},
  note         = {An optional note},
  language     = {english}
}

@PROCEEDINGS{Proceedings,
  title        = {The title of the work},
  year         = {1993},
  editor       = {Peter Kidwelly},
  volume       = {4},
  series       = {5},
  address      = {The address of the publisher},
  month        = {7},
  organization = {The organization},
  publisher    = {The name of the publisher},
  note         = {An optional note},
  language     = {english}
}

@TECHREPORT{Techreport,
  author       = {Peter Lambert},
  title        = {The title of the work},
  institution  = {The institution that published},
  year         = {1993},
  number       = {2},
  address      = {The address of the publisher},
  month        = {7},
  note         = {An optional note},
  language     = {english}
}

@UNPUBLISHED{Unpublished,
  author       = {Peter Marcheford},
  title        = {The title of the work},
  note         = {An optional note},
  month        = {7},
  year         = {1993},
  language     = {english}
}

%%% Реальные примеры

% Инициалы должны быть записаны после запятой, с точками, через пробел
% http://www.kit-e.ru/articles/elcomp/2006_12_124.php
% Подчёркивания в ссылке приходится экранировать
% http://www.kit-e.ru/articles/elcomp/2006\_12\_124.php
@online{medvedev2006jelektronnye,
  title={Электронные компоненты и монтажные подложки},
  author={Медведев, А. М.},
  journal={Компоненты и технологии},
  number={12},
  pages={124--134},
  year={2006},
  medium={Электронный ресурс},
  url = {http://www.kit-e.ru/articles/elcomp/2006\_12\_124.php},
  urldate = {19.01.2015},
  language = {russian}
}

% Real example
% & в названии журнала надо экранировать
% 10.1002/1521-4125(200007)23:7<581::AID-CEAT581>3.0.CO;2-P
% < > в ссылке приходится экранировать %3C и %3E, а потом ещё знаки процента в них экранировать
% 10.1002/1521-4125(200007)23:7%3C581::AID-CEAT581%3E3.0.CO;2-P
% 10.1002/1521-4125(200007)23:7\%3C581::AID-CEAT581\%3E3.0.CO;2-P
% url не нужен. если запись о бумажной публикации
@article {CEAT:CEAT581,
  author = {Deiters, U. K.},
  title = {A Modular Program System for the Calculation of Thermodynamic Properties of Fluids},
  journal = {Chemical Engineering \& Technology},
  volume = {23},
  number = {7},
  publisher = {WILEY-VCH Verlag},
  issn = {1521-4125},
  doi = {10.1002/1521-4125(200007)23:7<581::AID-CEAT581>3.0.CO;2-P},
  pages = {581--584},
  year = {2000},
  language = {english}
}

% Real with  4 authors
@article{doi:10.1080/01932691.2010.513279,
  author = {Young-Sang Cho and Young Kuk Kim and Kook Chae Chung and Chul Jin Choi },
  title = {Deformation of Colloidal Crystals for Photonic Band Gap Tuning},
  journal = {Journal of Dispersion Science and Technology},
  volume = {32},
  number = {10},
  pages = {1408-1415},
  year = {2011},
  doi = {10.1080/01932691.2010.513279},
  language = {english}
}

% doi with (), author with umlaut or other unicode or specific symbols, 9 authors
% latex don't like Gösele1999161 in ref
% Умляуты в авторах понимаются из-за поддержки в юникодной странице pdflatex и xelatex
% Иллюстрация того, что будет. если на английской записи будут поставлена пометка, что язык русский
@article{Gosele1999161,
  title = "Wafer bonding for microsystems technologies",
  journal = "Sensors and Actuators A: Physical",
  volume = "74",
  number = "1–3",
  pages = "161 - 168",
  year = "1999",
  issn = "0924-4247",
  doi = "10.1016/S0924-4247(98)00310-0",
  author = "Gösele, U. and Tong, Q.-Y. and Schumacher, A. and Kräuter, G. and Reiche, M. and Plößl, A. and Kopperschmidt, P. and Lee, T.-H. and Kim, W.-J.",
  keywords = "Wafer bonding",
  keywords = "Fusion bonding",
  keywords = "Pressure sensors",
  keywords = "Interface reactions",
  keywords = "Hydrophilic bonding",
  keywords = "Hydrophobic bonding",
  language = {russian}
}

% Real example (from Google or Springer)
% unmodified styles don't know %language = {English}
% язык писать с маленьких
% иллюстрация incollection
% 10.1007/0-387-32989-7_45
% Подчёркивания в DOI приходится экранировать
% 10.1007/0-387-32989-7\_45
@incollection{Li2007StressAnalysis,
  year={2007},
  isbn={978-0-387-27974-9},
  booktitle={Micro- and Opto-Electronic Materials and Structures: Physics, Mechanics, Design, Reliability, Packaging},
  editor={Suhir, E. and Lee, Y. C. and Wong, C. P.},
  doi={10.1007/0-387-32989-7_45},
  title={Stress Analysis for Processed Silicon Wafers and Packaged Micro-devices},
  publisher={Springer US},
  author={Li, Li and Guo, Yifan and Zheng, Dawei},
  pages={B677-B709},
  language={english}
}

% Real, β sign
% inputenc don't know β sign %aluminosilicate-β-quartz
% Знаки типа β, которые не знает таблица кодировки, с которой работает компилятор нужно заменять на latex команды
% doi должен быть без http://dx.doi.org/
@article{Shoji199895,
title = "Low-temperature anodic bonding using lithium aluminosilicate-\(\beta\)-quartz glass ceramic",
journal = "Sensors and Actuators A: Physical",
volume = "64",
number = "1",
pages = "95 - 100",
year = "1998",
note = "Tenth {IEEE} International Workshop on Micro Electro Mechanical Systems ",
issn = "0924-4247",
doi = "10.1016/S0924-4247(97)01659-2",
author = {Shuichi Shoji and Hiroto Kikuchi and Hirotaka Torigoe},
keywords = "Anodic bonding",
keywords = "Low-temperature bonding",
keywords = "Micro assembly",
keywords = "Micro package",
keywords = "Glass ceramic",
}


% from urlbst package
% Example from Jason Eisner, by mail (nothing special about the entry,
% but he seemed to be having formatting problems with unsrturl and proceedings
% entries.
% http://cs.jhu.edu/~jason/papers/#icassp07
@InProceedings{test:eisner-sample,
  author =       {Damianos Karakos and Sanjeev Khudanpur and Jason
                  Eisner and Carey~E. Priebe},
  title =        {Iterative denoising using {J}ensen-{R}enyi
                  divergences with an application to unsupervised
                  document categorization},
  booktitle =    {Proceedings of ICASSP},
  year =         2007,
  url =          {http://cs.jhu.edu/~jason/papers/\#icassp07}
}

@InProceedings{test:eisner-sample-shorted,
  author =       {Damianos Karakos and Sanjeev Khudanpur and Jason
                  Eisner and Carey~E. Priebe},
  title =        {Iterative denoising using {J}ensen-{R}enyi
                  divergences with an application to unsupervised
                  document categorization},
  booktitle =    {Proceedings of ICASSP},
  shortbooktitle = {Proc. of ICASSP},
  year =         2007,
  url =          {http://cs.jhu.edu/~jason/papers/\#icassp07}
}

% Попытка записать патент имеющимися средствами
@Book{iofis_patent1960,
  title                    = {Способ пайки керамики с~керамикой и~стекла с~металлом : а.\,с.~126728 СССР},
  author                   = {Иофис, Н. А.},
  year                     = {1960},
  numpages                 = {Бюл. № 5.~1},
  language                 = {russian}
}

% Попытка записать патент имеющимися средствами
@Book{AB_patent_Pomerantz_1968,
  title                    = {Anodic bonding : patent no. 3397278 US},
  author                   = {Pomerantz, D. I.},
  year                     = {1968},
  language                 = {english}
}

% !!! этот пример НЕ работает с bibtex
% Примеры оформления патентов из пакета https://www.ctan.org/pkg/biblatex-gost
@Patent{patent2h,
  heading =      {Заявка 1095735 Рос. федерация, МПК\ensuremath{^7} B 64 G 1/00},
  author =       {Тернер, Э. В.},
  authortype =   {США},
  title =        {Одноразовая ракета-носитель},
  media =        {text},
  holder =       {{заявитель Спейс Системз/Лорал, инк.}},
  credits =      {патент. поверенный Егорова Г. Б.},
  reqnumber =    {2000108705/28},
  date =         {2000-04-07},
  publdate =     {2001-03-10},
  publication =  {Бюл. № 7 (I ч.)\midsentence},
  prdate =       {1999-04-09},
  prnumber =     {09/289, 037},
  prcountry =    {countryus},
  pagetotal =    {5 с.~: ил.},
  language =     {russian},
}

@Patent{patent3h,
  heading =      {А. с. 1007970 СССР, МКИ\ensuremath{^3} В 25.1 15/00},
  author =       {В. С. Ваулин and В. Г. Кемайкин},
  authortype =   {СССР},
  title =        {Устройство для захвата неориентированных деталей типа валов},
  media =        {text},
  reqnumber =    {3360585/25-08},
  date =         {1981-11-23},
  publication =  {Бюл. № 12},
  publdate =     {1983-03-30},
  pagetotal =    {2 с.~: ил.},
  language =     {russian},
}

@Patent{patent2,
  author =       {Тернер, Э. В.},
  authortype =   {США},
  title =        {Одноразовая ракета-носитель},
  media =        {text},
  type =         {patreq},
  number =       1095735,
  location =     {countryru},
  ipc =          {МПК\ensuremath{^7} B 64 G 1/00},
  holder =       {{заявитель Спейс Системз/Лорал, инк.}},
  credits =      {патент. поверенный Егорова Г. Б.},
  reqnumber =    {2000108705/28},
  date =         {2000-04-07},
  publdate =     {2001-03-10},
  publication =  {Бюл. № 7 (I ч.)\midsentence},
  prioritydate = {1999-04-09},
  prioritynumber ={09/289, 037},
  prioritycountry ={countryus},
  pagetotal =    {5 с.~: ил.},
  language =     {russian},
}
