@Patent{progbib1,
  heading =      {Свидетельство о гос. регистрации программы для {ЭВМ}},
  author =       {Сорокин, Д. И.},
  title =        {Программный комплекс автоматической настройки оптического интерферометра на основе машинного обучения (Интерферобот)},
  holder =       {ООО-МЦКТ},
  reqnumber =    2021616685,
  publdate =     {2021-04-15},
  date =         {2021-04-26},
  prnumber =     2021616685,
  prcountry =    {countryru},
  language =     {russian},
  authorprogram ={yes},
  media =        {},
}
